@article{celluon,
 title = {Celluon Virtual Keyboard - A laser projected full-sized virtual QWERTY keyboard},
 journal = {ISL Trading},
 year = {2012},
 url = {http://www.virtual-laser-devices.com/},
 publisher = {ISL Trading Ltd.},
}

@article{gulf,
 title = {Gulf of Execution},
 journal = {Wikipedia},
 month = may,
 year = {2012},
 url = {http://en.wikipedia.org/wiki/Gulf_of_execution},
 publisher = {Wikipedia},
}

@article{image,
 title = {Celluon Cl850 Bluetooth Virtual Keyboard Wireless Virtual Laser Projection},
 month = september,
 year = {2012},
 url = {http://www.made-in-china.com/showroom/jmdawn01/product-detailpoEnhfGOadVu/China-Celluon-Cl850-Bluetooth-Virtual-Keyboard-Wireless-Virtual-Laser-Projection.html},
 publisher = {Made-In-China.com},
}
