@article{anwer,
 author = {Anwer, Javed},
 title = {Eight Days With {Microsoft Windows} 8},
 journal = {The Times of India},
 issue_date = {Oct. 2012},
 month = oct,
 year = {2012},
 url = {http://timesofindia.indiatimes.com/tech/personal-tech/computing/Eight-days-with-Microsoft-Windows-8/articleshow/16892537.cms},
 publisher = {TNN},
}

@article{youtube,
 author = {VlogginEgan},
 title = {Skeuomorphism},
 journal = {YouTube},
 issue_date = {July 2012},
 month = jul,
 year = {2012},
 url = {http://www.youtube.com/watch?v=qarCPYKRbVc},
 publisher = {YouTube},
} 

@article{tumblr,
 author = {edboaden},
 title = {Reaction Against Skeuomorphism},
 journal = {Tumblr},
 url = {http://www.tumblr.com/tagged/interaction-design?before=1307583144},
 publisher = {Tumblr},
}

@article{jochmann,
 author = {Jochmann, Jakob},
 title = {What Skeuomorphism Can Tell Us About Design Thinking (and {Apple})},
 issue_date = {Nov. 2011},
 month = nov,
 year = {2011},
 url = {http://blog.jochmann.me/post/12490275509/skeuomorphism-design-thinking-apple},
}

@article{tutsplus,
 author = {Cronin, Shaun},
 title = {Skeuomorphism in Interface Design},
 journal = {Webdesign Tuts+},
 issue_date = {Jul. 2012},
 month = jul,
 year = {2012},
 url = {http://webdesign.tutsplus.com/articles/design-theory/skeuomorphism-in-interface-design/},
 publisher = {Envato},
}

@article{appleinsider,
 author = {Campbell, Mikey},
 title = {Apple Designers Reportedly Divided Over Use of Skeuomorphic {UI}s},
 journal = {Apple Insider},
 issue_date = {Sep. 2012},
 month = sep,
 year = {2012},
 url = {http://appleinsider.com/articles/12/09/11/apple_designers_reportedly_divided_over_use_of_skeuomorphic_uis},
 publisher = {Quiller Media},
}
